@article{Tomita:2004kf,
   author = {Tomita, H. and Satoh, M.},
   title = {{A new dynamical framework of nonhydrostatic global model using the icosahedral grid}},
   journal = {Fluid Dynamics Research},
   volume = {34},
   number = {6},
   pages = {357--400},
   year = {2004}
}

@article{Satoh:2008fb,
   author = {Satoh, M. and Matsuno, T. and Tomita, H. and Miura, H. and Nasuno, T. and Iga, S.},
   title = {{Nonhydrostatic icosahedral atmospheric model (NICAM) for global cloud resolving simulations}},
   journal = {Journal of Computational Physics},
   volume = {227},
   number = {7},
   pages = {3486--3514},
   year = {2008}
}

@article{Satoh:2014dm,
   author = {Satoh, M. and Tomita, H. and Yashiro, H. and Miura, H. and Kodama, C. and Seiki, T. and Noda, A. T. and Yamada, Y. and Goto, D. and Sawada, M. and Miyoshi, T. and Niwa, Y. and Hara, M. and Ohno, T. and Iga, S. and Arakawa, T. and Inoue, T. and Kubokawa, H.},
   title = {{The Non-hydrostatic Icosahedral Atmospheric Model: description and development}},
   journal = {Progress in Earth and Planetary Science},
   volume = {1},
   number = {1},
   pages = {2293},
   year = {2014}
}

@article{Stuhne:1996fr,
   author = {Stuhne, G. R. and Peltier, W. R.},
   title = {{Vortex Erosion and Amalgamation in a New Model of Large Scale Flow on the Sphere}},
   journal = {Journal of Computational Physics},
   volume = {128},
   number = {1},
   pages = {58--81},
   year = {1996}
}

@article{Tomita:2001id,
   author = {Tomita, H. and Tsugawa, M. and Satoh, M. and Goto, K.},
   title = {{Shallow Water Model on a Modified Icosahedral Geodesic Grid by Using Spring Dynamics}},
   journal = {Journal of Computational Physics},
   volume = {174},
   number = {2},
   pages = {579--613},
   year = {2001}
}

@article{Wicker:2002jd,
   author = {Wicker, L. J. and Skamarock, W. C.},
   title = {{Time-Splitting Methods for Elastic Models Using Forward Time Schemes}},
   journal = {Monthly Weather Review},
   volume = {130},
   number = {8},
   pages = {2088--2097},
   annote = {doi: 10.1175/1520-0493(2002)130<2088:TSMFEM>2.0.CO;2},
   year = {2002}
}

@article{Miura:2007bs,
   author = {Miura, H.},
   title = {{An Upwind-Biased Conservative Advection Scheme for Spherical Hexagonal{\textendash}Pentagonal Grids}},
   journal = {Monthly Weather Review},
   volume = {135},
   number = {12},
   pages = {4038--4044},
   annote = {doi: 10.1175/2007MWR2101.1},
   year = {2007}
}

@article{Tomita:2008jc,
author = {Tomita, H. and Goto, K. and Satoh, M.},
   title = {{A new approach to atmospheric general circulation model: Global cloud resolving model NICAM and its computational performance}},
   journal = {SIAM Journal on Scientific Computing},
   volume = {30},
   number = {6},
   pages = {2755--2776},
   year = {2008}
}

@article{Thuburn:1996in,
   author = {Thuburn, J.},
   title = {{Multidimensional flux-limited advection schemes}},
   journal = {Journal of Computational Physics},
   volume = {123},
   number = {1},
   pages = {74--83},
   year = {1996}
}

@conference {Tomita2010ecmwf,
   author = {H. Tomita and M. Satoh and H. Miura and Y. Niwa},
   title = {Current status of nonhydrostatic modeling at NICAM},
   booktitle = {ECMWF Workshop on Non-hydrostatic Modelling, 8-10 November 2010},
   pages = {171-182},
   publisher = {ECMWF},
   organization = {ECMWF},
   address = {Shinfield Park, Reading},
   year = {2010}
}

